<record><leader>02738cam a2200505 i 45 0</leader><controlfield tag="001">6789658</controlfield><controlfield tag="008">150127t2015    paua     b    001 0 eng d</controlfield><datafield ind1=" " ind2=" " tag="020"><subfield code="a">9781451190854</subfield></datafield><datafield ind1=" " ind2=" " tag="035"><subfield code="a">ocn910283273</subfield></datafield><datafield ind1=" " ind2=" " tag="040"><subfield code="a">AEGNH</subfield><subfield code="b">eng</subfield><subfield code="e">rda</subfield><subfield code="d">AGPC</subfield></datafield><datafield ind1=" " ind2="4" tag="060"><subfield code="a">WY 157.3</subfield></datafield><datafield ind1=" " ind2=" " tag="090"><subfield code="a">RG 951 C26 2015</subfield><subfield code="b">ARDC</subfield></datafield><datafield ind1=" " ind2=" " tag="090"><subfield code="a">RG 951 C26 2015</subfield><subfield code="b">AGPC</subfield></datafield><datafield ind1=" " ind2=" " tag="090"><subfield code="a">WY 157.3 C2115 2015</subfield><subfield code="b">AEGNH</subfield></datafield><datafield ind1=" " ind2=" " tag="090"><subfield code="a">RG951 .E93 2015</subfield><subfield code="b">AEGMCT</subfield></datafield><datafield ind1="1" ind2=" " tag="100"><subfield code="a">Evans, Robin J.</subfield></datafield><datafield ind1=" " ind2=" " tag="245"><subfield code="a">Canadian maternity, newborn and women's health nursing :</subfield><subfield code="b">comprehensive care across the life span /</subfield><subfield code="c">Robin J. Evans, Marily K. Evans, and Yvonne M. R. Brown.</subfield></datafield><datafield ind1="3" ind2="4" tag="246"><subfield code="a">Canadian maternity, newborn &amp; women's health nursing : comprehensive care across the life span</subfield></datafield><datafield ind1=" " ind2=" " tag="250"><subfield code="a">Second edition</subfield></datafield><datafield ind1=" " ind2="1" tag="264"><subfield code="a">Philadelphia :</subfield><subfield code="b">Lippincott, Williams and Wilkins,</subfield><subfield code="c">2015.</subfield></datafield><datafield ind1=" " ind2=" " tag="300"><subfield code="a">xxiii, 1064 pages :</subfield><subfield code="b">color illustrations ;</subfield><subfield code="c">29 cm</subfield></datafield><datafield ind1=" " ind2=" " tag="336"><subfield code="a">text</subfield><subfield code="b">txt</subfield><subfield code="2">rdacontent</subfield></datafield><datafield ind1=" " ind2=" " tag="337"><subfield code="a">unmediated</subfield><subfield code="b">n</subfield><subfield code="2">rdacarrier</subfield></datafield><datafield ind1=" " ind2=" " tag="338"><subfield code="a">volume</subfield><subfield code="b">nc</subfield><subfield code="2">rdacarrier</subfield></datafield><datafield ind1=" " ind2=" " tag="500"><subfield code="a">Includes bibliographical references and index.</subfield></datafield><datafield ind1=" " ind2=" " tag="500"><subfield code="a">Canadian ed. of: Maternity, newborn, and women's health nursing / Susan A. Orshan.</subfield></datafield><datafield ind1=" " ind2=" " tag="596"><subfield code="a">17 28 29 35</subfield></datafield><datafield ind1=" " ind2="0" tag="650"><subfield code="a">Maternity nursing.</subfield></datafield><datafield ind1=" " ind2="0" tag="650"><subfield code="a">Gynecologic nursing.</subfield></datafield><datafield ind1=" " ind2="2" tag="650"><subfield code="a">Maternal-Child Nursing</subfield><subfield code="z">Canada.</subfield></datafield><datafield ind1=" " ind2="2" tag="650"><subfield code="a">Women's Health</subfield><subfield code="z">Canada.</subfield></datafield><datafield ind1="1" ind2=" " tag="700"><subfield code="a">Evans, Marily K.</subfield></datafield><datafield ind1="1" ind2=" " tag="700"><subfield code="a">Brown, Yvonne M. R.</subfield></datafield><datafield ind1="1" ind2=" " tag="700"><subfield code="a">Orshan, Susan A.</subfield><subfield code="t">Maternity, newborn, and women's health nursing.</subfield></datafield><datafield ind1=" " ind2=" " tag="947"><subfield code="b">PNU</subfield><subfield code="f">QGM</subfield><subfield code="h">GMCT-DD-DD</subfield><subfield code="p">147.88</subfield><subfield code="q">2</subfield><subfield code="z">9781451190854</subfield></datafield><datafield ind1=" " ind2=" " tag="999"><subfield code="h">GMCT-DD-DD</subfield></datafield><datafield ind1=" " ind2=" " tag="926"><subfield code="a">WY 157.3 C2115 2015</subfield><subfield code="w">NLM</subfield><subfield code="c">1</subfield><subfield code="i">0163730129844</subfield><subfield code="d">4/6/2017</subfield><subfield code="e">4/6/2017</subfield><subfield code="f">9/22/2015</subfield><subfield code="g">1</subfield><subfield code="k">CHECKEDOUT</subfield><subfield code="l">ON_SHELF</subfield><subfield code="m">COVENANTGN</subfield><subfield code="n">17</subfield><subfield code="r">M</subfield><subfield code="s">Y</subfield><subfield code="t">BOOK</subfield><subfield code="u">1/27/2015</subfield></datafield><datafield ind1=" " ind2=" " tag="926"><subfield code="a">RG 951 C26 2015</subfield><subfield code="w">LC</subfield><subfield code="c">1</subfield><subfield code="i">31847001273330</subfield><subfield code="d">4/7/2017</subfield><subfield code="e">1/17/2017</subfield><subfield code="k">INTRANSIT</subfield><subfield code="l">ON_SHELF</subfield><subfield code="m">GPRC_GP</subfield><subfield code="n">6</subfield><subfield code="p">$150.00</subfield><subfield code="r">Y</subfield><subfield code="s">Y</subfield><subfield code="t">BOOK</subfield><subfield code="u">3/17/2015</subfield></datafield><datafield ind1=" " ind2=" " tag="926"><subfield code="a">RG951 .E93 2015</subfield><subfield code="w">LC</subfield><subfield code="c">4</subfield><subfield code="i">1007830050</subfield><subfield code="d">10/25/2016</subfield><subfield code="e">8/19/2016</subfield><subfield code="k">LOST-ASSUM</subfield><subfield code="l">ON_SHELF</subfield><subfield code="m">GR_MACEWAN</subfield><subfield code="n">1</subfield><subfield code="p">$133.95</subfield><subfield code="r">M</subfield><subfield code="s">Y</subfield><subfield code="t">BOOK</subfield><subfield code="u">5/20/2015</subfield></datafield><datafield ind1=" " ind2=" " tag="926"><subfield code="a">RG951 .E93 2015</subfield><subfield code="w">LC</subfield><subfield code="c">6</subfield><subfield code="i">1007830233</subfield><subfield code="d">3/7/2017</subfield><subfield code="e">3/7/2017</subfield><subfield code="k">CHECKEDOUT</subfield><subfield code="l">ON_SHELF</subfield><subfield code="m">GR_MACEWAN</subfield><subfield code="n">3</subfield><subfield code="p">$133.95</subfield><subfield code="r">M</subfield><subfield code="s">Y</subfield><subfield code="t">BOOK</subfield><subfield code="u">5/20/2015</subfield></datafield><datafield ind1=" " ind2=" " tag="926"><subfield code="a">RG951 .E93 2015</subfield><subfield code="w">LC</subfield><subfield code="c">7</subfield><subfield code="i">1006705865</subfield><subfield code="k">AVAIL_SOON</subfield><subfield code="l">DISTANCE</subfield><subfield code="m">GR_MACEWAN</subfield><subfield code="r">Y</subfield><subfield code="s">Y</subfield><subfield code="t">DISTANCE</subfield><subfield code="u">4/10/2017</subfield><subfield code="o">.STAFF. On loan from Nursing (as per Iris C.)</subfield></datafield><datafield ind1=" " ind2=" " tag="926"><subfield code="a">RG 951 C26 2015</subfield><subfield code="w">LC</subfield><subfield code="c">1</subfield><subfield code="i">30125302459671</subfield><subfield code="l">RESERVES</subfield><subfield code="m">RED_DEER_C</subfield><subfield code="r">Y</subfield><subfield code="s">Y</subfield><subfield code="t">LOCAL_LOAN</subfield><subfield code="u">8/27/2015</subfield></datafield><datafield ind1=" " ind2=" " tag="926"><subfield code="a">RG 951 C26 2015</subfield><subfield code="w">LC</subfield><subfield code="c">2</subfield><subfield code="i">30125302459697</subfield><subfield code="l">RESERVES</subfield><subfield code="m">RED_DEER_C</subfield><subfield code="r">Y</subfield><subfield code="s">Y</subfield><subfield code="t">LOCAL_LOAN</subfield><subfield code="u">8/27/2015</subfield></datafield><datafield ind1=" " ind2=" " tag="926"><subfield code="a">RG 951 C26 2015</subfield><subfield code="w">LC</subfield><subfield code="c">3</subfield><subfield code="i">30125302459689</subfield><subfield code="l">RESERVES</subfield><subfield code="m">RED_DEER_C</subfield><subfield code="r">Y</subfield><subfield code="s">Y</subfield><subfield code="t">LOCAL_LOAN</subfield><subfield code="u">8/27/2015</subfield></datafield><datafield ind1=" " ind2=" " tag="926"><subfield code="a">RG 951 C26 2015</subfield><subfield code="w">LC</subfield><subfield code="c">4</subfield><subfield code="i">30125302459663</subfield><subfield code="l">RESERVES</subfield><subfield code="m">RED_DEER_C</subfield><subfield code="r">Y</subfield><subfield code="s">Y</subfield><subfield code="t">LOCAL_LOAN</subfield><subfield code="u">8/27/2015</subfield></datafield></record>